@article{Junk2004,
 author = {Junk, Michael and Yang, Zhaoxia},
 title = {Asymptotic Analysis of Finite Difference Methods},
 journal = {Appl. Math. Comput.},
 issue_date = {October, 2004},
 volume = {158},
 number = {1},
 month = oct,
 year = {2004},
 issn = {0096-3003},
 pages = {267--301},
 numpages = {35},
 url = {http://dx.doi.org/10.1016/j.amc.2003.08.097},
 doi = {10.1016/j.amc.2003.08.097},
 acmid = {2642159},
 publisher = {Elsevier Science Inc.},
 address = {New York, NY, USA},
 keywords = {Asymptotic error analysis, Boundary value problems, Finite difference methods, Initial value problems, Matched asymptotic expansions, Modified equations, Multiscale expansions},
} 

@book{holmes1998introduction,
  title={Introduction to Perturbation Methods},
  author={Holmes, M.H.},
  isbn={9780387942032},
  lccn={94481954},
  series={Texts in Applied Mathematics},
  url={https://books.google.de/books?id=-jSsvzJa\_XMC},
  year={1998},
  publisher={Springer New York}
}

@book{leveque2002finite,
  title={Finite Volume Methods for Hyperbolic Problems},
  author={LeVeque, R.J.},
  isbn={9781139434188},
  series={Cambridge Texts in Applied Mathematics},
  url={https://books.google.de/books?id=mfAfAwAAQBAJ},
  year={2002},
  publisher={Cambridge University Press}
}

@book{evans2010partial,
  title={Partial Differential Equations},
  author={Evans, L.C.},
  isbn={9780821849743},
  lccn={2009044716},
  series={Graduate studies in mathematics},
  url={https://books.google.de/books?id=Xnu0o\_EJrCQC},
  year={2010},
  publisher={American Mathematical Society}
}
