@article{Junk2004,
 author = {Junk, Michael and Yang, Zhaoxia},
 title = {Asymptotic Analysis of Finite Difference Methods},
 journal = {Appl. Math. Comput.},
 issue_date = {October, 2004},
 volume = {158},
 number = {1},
 month = oct,
 year = {2004},
 issn = {0096-3003},
 pages = {267--301},
 numpages = {35},
 url = {http://dx.doi.org/10.1016/j.amc.2003.08.097},
 doi = {10.1016/j.amc.2003.08.097},
 acmid = {2642159},
 publisher = {Elsevier Science Inc.},
 address = {New York, NY, USA},
 keywords = {Asymptotic error analysis, Boundary value problems, Finite difference methods, Initial value problems, Matched asymptotic expansions, Modified equations, Multiscale expansions},
} 
